<record><leader>00000cas a22000007a 4500</leader><controlfield tag="001">10509249</controlfield><controlfield tag="008">840312c19719999mnuwr ne      0   a0eng d</controlfield><datafield ind1=" " ind2=" " tag="010"><subfield code="a">sn 84009991 </subfield></datafield><datafield ind1=" " ind2=" " tag="040"><subfield code="a">NSD</subfield><subfield code="b">eng</subfield><subfield code="c">NSD</subfield><subfield code="d">MN#</subfield><subfield code="d">OCLCQ</subfield><subfield code="d">OCLCF</subfield><subfield code="d">OCLCO</subfield></datafield><datafield ind1=" " ind2=" " tag="012"><subfield code="m">1</subfield></datafield><datafield ind1="1" ind2=" " tag="022"><subfield code="a">0747-0363</subfield><subfield code="l">0747-0363</subfield><subfield code="2">1</subfield></datafield><datafield ind1="1" ind2=" " tag="029"><subfield code="a">AU@</subfield><subfield code="b">000007313939</subfield></datafield><datafield ind1=" " ind2=" " tag="032"><subfield code="a">057460</subfield><subfield code="b">USPS</subfield></datafield><datafield ind1=" " ind2=" " tag="037"><subfield code="b">The American, Drawer M, Blackduck, MN 56630</subfield></datafield><datafield ind1=" " ind2=" " tag="042"><subfield code="a">nsdp</subfield></datafield><datafield ind1=" " ind2=" " tag="043"><subfield code="a">n-us-mn</subfield></datafield><datafield ind1=" " ind2=" " tag="052"><subfield code="a">4144</subfield><subfield code="b">B39</subfield></datafield><datafield ind1=" " ind2=" " tag="052"><subfield code="a">4143</subfield><subfield code="b">B3</subfield></datafield><datafield ind1="0" ind2=" " tag="130"><subfield code="a">American (Blackduck, Minn. : 1971)</subfield></datafield><datafield ind1=" " ind2="4" tag="222"><subfield code="a">The American</subfield><subfield code="b">(Blackduck, Minn.)</subfield></datafield><datafield ind1="1" ind2="4" tag="245"><subfield code="a">The American.</subfield></datafield><datafield ind1=" " ind2=" " tag="260"><subfield code="a">Blackduck, Beltrami County, Minn. :</subfield><subfield code="b">Bob Tuff,</subfield><subfield code="c">1971-</subfield></datafield><datafield ind1=" " ind2=" " tag="300"><subfield code="a">v.</subfield></datafield><datafield ind1=" " ind2=" " tag="310"><subfield code="a">Weekly</subfield></datafield><datafield ind1="0" ind2=" " tag="362"><subfield code="a">Vol. 71, no. 1 (Dec. 2, 1971)-</subfield></datafield><datafield ind1=" " ind2=" " tag="530"><subfield code="a">Available on microfilm from the Minnesota Historical Society.</subfield></datafield><datafield ind1=" " ind2="0" tag="651"><subfield code="a">Blackduck (Minn.)</subfield><subfield code="v">Newspapers.</subfield></datafield><datafield ind1=" " ind2="7" tag="655"><subfield code="a">Newspapers.</subfield><subfield code="2">fast</subfield><subfield code="0">(OCoLC)fst01423814</subfield></datafield><datafield ind1=" " ind2="7" tag="651"><subfield code="a">Minnesota</subfield><subfield code="z">Blackduck.</subfield><subfield code="2">fast</subfield><subfield code="0">(OCoLC)fst01254448</subfield></datafield><datafield ind1=" " ind2=" " tag="752"><subfield code="a">United States</subfield><subfield code="b">Minnesota</subfield><subfield code="c">Beltrami</subfield><subfield code="d">Blackduck.</subfield></datafield><datafield ind1="0" ind2="0" tag="780"><subfield code="t">Blackduck American and Kelliher independent</subfield><subfield code="w">(DLC)sn 90059081</subfield></datafield><datafield ind1=" " ind2=" " tag="936"><subfield code="a">Feb. 29, 1984</subfield></datafield></record>